@online{ai-informationsbezugchatgbt,
  author={Bundeszentrale für politische Bildung},
  title={Was ein Chatbot nicht weiß},
  url={https://www.fluter.de/faq-woher-nimmt-chatgpt-sein-wissen},
  urldate={2024-05-31},
  year={2024}
}

@online{woherbeziehtChatGBTseineInformationen,
  author={scribbr},
  title={häufig gestellte Fragen},
  url={https://www.scribbr.de/haufig-gestellte-fragen/woher-bezieht-chatgpt-seine-informationen/},
  urldate={2024-05-31},
  year={2024}
}
@online{SicherheitundRisiko,
  author={WikiHow},
  title={Wie sicher ist ChatGPT: Risiken und Datenschutz erklärt},
  url={https://de.wikihow.com/Die-Sicherheit-von-ChatGPT},
  urldate={2024-05-31},
  year={2024}
}
@online{Nutzung-von-KI,
  author={Europäisches Parlament},
  title={Was ist künstliche Intelligenz und wie wird sie genutzt?},
  url={https://www.europarl.europa.eu/topics/de/article/20200827STO85804/was-ist-kunstliche-intelligenz-und-wie-wird-sie-genutzt},
  urldate={2024-05-31},
  year={2024}
}
@online{GewinnunganBedeutung,
  author={SAS},
  title={Künstliche Intelligenz},
  url={https://www.sas.com/de_ch/insights/analytics/what-is-artificial-intelligence.html},
  urldate={2024-05-31},
  year={2024}
}